
@article{gusev_using_2021,
	title = {Using {Modern} {Chess} {Software} for {Opening} {Preparation}},
	url = {https://eric.ed.gov/?id=ED617407},
	abstract = {A wide variety of modern chess software products is available to the modern professional and amateur chess players alike, helping them improve their chess skills and prepare for online and traditional tournaments. These products include chess user interfaces (UIs), traditional Alpha-Beta (AB) and emergent Neural Network (NN) chess engines, game databases, opening databases and electronic books, chess-specific cloud services, tournament broadcast tools, online tutorials, tactical problem collections, and endgame tablebases (EGTBs). All of these tools except the last two categories can be used to work on opening preparation, an important component of chess training. In this paper, the author presents his computer-based approach to opening preparation tested in chess classes at the Russian School of Indiana for advanced beginner players. The materials used to develop the approach included game openings from the games played in the Free Open-Source Chess Engine Contest (FOSCEC) broadcast online by the author’s CIT students at Purdue Polytechnic Columbus. We will discuss the choices of tools and equipment, how the more popular and/or promising opening variations were identified and analyzed, the lessons learned, and the future work.},
	language = {en},
	author = {Gusev, Dmitri A},
	year = {2021},
	file = {PDF:C\:\\Users\\marvi\\Zotero\\storage\\LFWFP4VF\\Gusev - 2021 - Using Modern Chess Software for Opening Preparation.pdf:application/pdf},
}

@article{gobet_training_2005,
	title = {Training in chess: {A} scientific approach},
	language = {en},
	author = {Gobet, Fernand and Jansen, Peter J},
	month = jan,
	year = {2005},
}

@article{gobet_training_2006,
	title = {Training in chess: {A} scientific approach},
	journal = {Chess and education},
	author = {Gobet, Fernand and Jansen, Peter},
	month = jan,
	year = {2006},
	file = {PDF:C\:\\Users\\marvi\\Zotero\\storage\\FSWE5CKU\\Gobet und Jansen - Training in chess A scientific approach.PDF:application/pdf},
}

@book{kron_grundwissen_2024,
	address = {Stuttgart},
	edition = {7., vollständig überarbeitete und erweiterte Auflage},
	series = {{UTB}},
	title = {Grundwissen {Didaktik}},
	isbn = {978-3-8252-8802-0 978-3-8385-8802-5 978-3-8463-8802-0},
	abstract = {Das Standardwerk zur Didaktik für Studierende erziehungswissenschaftlicher Fächer. Dieses Lehrbuch bietet eine verständlich geschriebene, wissenschaftliche Grundlage der Didaktik für Schule und außerschulische Bildungsbereiche. Zentral sind die Kapitel über didaktische Theorien, Modelle und Konzepte sowie über Lerntheorien. Das Lehrbuch eignet sich hervorragend als Informationsquelle und Nachschlagewerk für Prüfungsvorbereitungen aller Fachbereiche mit hohem Anteil an Didaktik},
	language = {ger},
	number = {8073},
	publisher = {Ernst Reinhardt Verlag},
	author = {Kron, Friedrich W. and Jürgens, Eiko and Standop, Jutta},
	year = {2024},
	doi = {10.36198/9783838588025},
	file = {2024-3-lerntheorien-und-modelle-im-kontext-von-lehren-und-lernen:C\:\\Users\\marvi\\Zotero\\storage\\5JLZP23L\\2024-3-lerntheorien-und-modelle-im-kontext-von-lehren-und-lernen.pdf:application/pdf},
}

@article{chesscom_chesscom_2022,
	title = {Chess.com hat 100 {Millionen} {Mitglieder}},
	url = {https://www.chess.com/de/article/view/chess-com-hat-100-millionen-mitglieder},
	urldate = {2024-11-03},
	author = {Chess.com},
	month = dec,
	year = {2022},
}
